<?xml version = "1.0" encoding = "UTF-8"?><record>
    <leader>00000nms#a2200000#c#4500</leader>
    <controlfield tag="003">DE-605</controlfield>
    <controlfield tag="005">20200510215000.0</controlfield>
    <controlfield tag="007">cr#|||||||||||</controlfield>
    <controlfield tag="008">160725m20142016gw######o##|########ger#c</controlfield>
    <controlfield tag="009">HT019043625</controlfield>
    <controlfield tag="001">990212728400206441</controlfield>
    <datafield tag="035" ind1=" " ind2=" ">
      <subfield code="a">HT019043625</subfield>
    </datafield>
    <datafield tag="035" ind1=" " ind2=" ">
      <subfield code="a">(DE-605)HT019043625</subfield>
    </datafield>
    <datafield tag="035" ind1=" " ind2=" ">
      <subfield code="a">(ALEPHCCHBZ)021272840HBZ01</subfield>
    </datafield>
    <datafield tag="016" ind1="7" ind2=" ">
      <subfield code="a">1108134963</subfield>
      <subfield code="2">DE-101b</subfield>
    </datafield>
    <datafield tag="016" ind1="7" ind2=" ">
      <subfield code="a">2863165-1</subfield>
      <subfield code="2">DE-600</subfield>
    </datafield>
    <datafield tag="016" ind1="7" ind2=" ">
      <subfield code="a">954167315</subfield>
      <subfield code="2">OCoLC</subfield>
    </datafield>
    <datafield tag="024" ind1="7" ind2=" ">
      <subfield code="a">urn:nbn:de:hbz:5:2-97946</subfield>
      <subfield code="2">urn</subfield>
    </datafield>
    <datafield tag="035" ind1=" " ind2=" ">
      <subfield code="a">(DE-600)2863165-1</subfield>
    </datafield>
    <datafield tag="035" ind1=" " ind2=" ">
      <subfield code="a">(OCoLC)954167315</subfield>
      <subfield code="0">(uri) http://www.worldcat.org/oclc/954167315</subfield>
    </datafield>
    <datafield tag="035" ind1=" " ind2=" ">
      <subfield code="a">(DE-599)ZDB2863165-1</subfield>
    </datafield>
    <datafield tag="040" ind1=" " ind2=" ">
      <subfield code="a">0005</subfield>
      <subfield code="b">ger</subfield>
      <subfield code="c">DNB</subfield>
      <subfield code="d">0005</subfield>
      <subfield code="e">rda</subfield>
    </datafield>
    <datafield tag="041" ind1=" " ind2=" ">
      <subfield code="a">ger</subfield>
    </datafield>
    <datafield tag="044" ind1=" " ind2=" ">
      <subfield code="c">XA-DE</subfield>
    </datafield>
    <datafield tag="084" ind1=" " ind2=" ">
      <subfield code="a">200</subfield>
      <subfield code="q">DE-600</subfield>
      <subfield code="2">zdbs</subfield>
    </datafield>
    <datafield tag="130" ind1="0" ind2=" ">
      <subfield code="a">Wir</subfield>
      <subfield code="g">Bonn</subfield>
    </datafield>
    <datafield tag="245" ind1="1" ind2="0">
      <subfield code="a">Wir</subfield>
      <subfield code="b">Informationsbrief der Kirchengemeinden auf dem Br&#252;ser Berg</subfield>
      <subfield code="c">Herausgeber: Katholische Kirchengemeinde St. Rochus und Augustinus, Evangelische Kirchengemeinde Hardtberg</subfield>
    </datafield>
    <datafield tag="264" ind1="3" ind2="1">
      <subfield code="a">Bonn</subfield>
      <subfield code="b">Katholische Kirchengemeinde St. Rochus und Augustinus und Evangelische Kirchengemeinde Hardtberg</subfield>
      <subfield code="c">[2014?-2016]</subfield>
    </datafield>
    <datafield tag="300" ind1=" " ind2=" ">
      <subfield code="a">Online-Ressource</subfield>
    </datafield>
    <datafield tag="336" ind1=" " ind2=" ">
      <subfield code="b">txt</subfield>
    </datafield>
    <datafield tag="337" ind1=" " ind2=" ">
      <subfield code="b">c</subfield>
    </datafield>
    <datafield tag="338" ind1=" " ind2=" ">
      <subfield code="b">cr</subfield>
    </datafield>
    <datafield tag="362" ind1="0" ind2=" ">
      <subfield code="a">Nr. 116 (November 2014/M&#228;rz 2015) [?]-Nr. 120 (Ostern/Sommer 2016) ; damit Erscheinen eingestellt</subfield>
    </datafield>
    <datafield tag="363" ind1="0" ind2="0">
      <subfield code="8">1.1\x</subfield>
      <subfield code="a">116</subfield>
      <subfield code="j">11</subfield>
      <subfield code="i">2014</subfield>
    </datafield>
    <datafield tag="363" ind1="1" ind2="0">
      <subfield code="8">1.2\x</subfield>
      <subfield code="a">120</subfield>
      <subfield code="i">2016</subfield>
    </datafield>
    <datafield tag="500" ind1=" " ind2=" ">
      <subfield code="a">Gesehen am 13. November 2018. - Herausgeber Nr. 116.2014/2015: Evangelische Johanniskirchengemeinde Bonn-Duisdorf / Br&#252;ser Berg</subfield>
      <subfield code="9">F:501</subfield>
    </datafield>
    <datafield tag="583" ind1="1" ind2=" ">
      <subfield code="a">Archivierung/Langzeitarchivierung gew&#228;hrleistet</subfield>
      <subfield code="c">2020</subfield>
      <subfield code="f">PENW</subfield>
      <subfield code="5">DE-5</subfield>
      <subfield code="2">pdager</subfield>
    </datafield>
    <datafield tag="655" ind1=" " ind2="7">
      <subfield code="a">Zeitschrift</subfield>
      <subfield code="0">(DE-588)4067488-5</subfield>
      <subfield code="2">gnd-content</subfield>
    </datafield>
    <datafield tag="710" ind1="2" ind2=" ">
      <subfield code="a">Evangelische Kirchengemeinde Hardtberg</subfield>
      <subfield code="0">(DE-588)1068782854</subfield>
      <subfield code="4">aut</subfield>
    </datafield>
    <datafield tag="710" ind1="2" ind2=" ">
      <subfield code="a">Evangelische Johanniskirchengemeinde Bonn-Duisdorf</subfield>
      <subfield code="0">(DE-588)2033153-8</subfield>
      <subfield code="4">isb</subfield>
    </datafield>
    <datafield tag="776" ind1="0" ind2="8">
      <subfield code="i">Erscheint auch als</subfield>
      <subfield code="n">Druck-Ausgabe</subfield>
      <subfield code="t">Wir</subfield>
      <subfield code="d">Bonn, 2011-[2016]</subfield>
      <subfield code="w">(DE-605)HT017715725</subfield>
      <subfield code="9">F:776</subfield>
    </datafield>
    <datafield tag="856" ind1="4" ind2="0">
      <subfield code="u">https://nbn-resolving.org/urn:nbn:de:hbz:5:2-97946</subfield>
      <subfield code="x">Resolving-System</subfield>
    </datafield>
    <datafield tag="856" ind1="4" ind2="0">
      <subfield code="u">http://www.katholisch-in-duisdorf.de/willkommen/oekumenische_nachrichten_vom_brueser_berg_xwirx/index.html</subfield>
      <subfield code="x">Verlag</subfield>
      <subfield code="z">kostenfrei</subfield>
    </datafield>
    <datafield tag="960" ind1="1" ind2=" ">
      <subfield code="z">lzZDB</subfield>
    </datafield>
    <datafield tag="964" ind1="0" ind2="s">
      <subfield code="F">030</subfield>
      <subfield code="A">a||ur||||||37</subfield>
    </datafield>
    <datafield tag="964" ind1="0" ind2="s">
      <subfield code="F">050</subfield>
      <subfield code="A">||||||||g|||||</subfield>
    </datafield>
    <datafield tag="964" ind1="0" ind2="s">
      <subfield code="F">052</subfield>
      <subfield code="A">p||||||t|||||||</subfield>
    </datafield>
    <datafield tag="MBD" ind1=" " ind2=" ">
      <subfield code="M">49HBZ_NETWORK</subfield>
      <subfield code="i">990212728400206441</subfield>
      <subfield code="n">HBZ Network</subfield>
    </datafield>
    <datafield tag="MBD" ind1=" " ind2=" ">
      <subfield code="M">49HBZ_FHA</subfield>
      <subfield code="i">991001327599706444</subfield>
      <subfield code="n">Fachhochschule Aachen</subfield>
    </datafield>
    <datafield tag="500" ind1=" " ind2=" ">
      <subfield code="a">Gesehen am 13. November 2018. - Herausgeber Nr. 116.2014/2015: Evangelische Johanniskirchengemeinde Bonn-Duisdorf / Br&#252;ser Berg</subfield>
      <subfield code="9">F:501</subfield>
      <subfield code="M">49HBZ_FHA</subfield>
    </datafield>
    <datafield tag="776" ind1="0" ind2="8">
      <subfield code="i">Erscheint auch als</subfield>
      <subfield code="n">Druck-Ausgabe</subfield>
      <subfield code="t">Wir</subfield>
      <subfield code="d">Bonn, 2011-[2016]</subfield>
      <subfield code="w">(DE-605)HT017715725</subfield>
      <subfield code="9">F:776</subfield>
      <subfield code="M">49HBZ_FHA</subfield>
    </datafield>
    <datafield tag="980" ind1="1" ind2=" ">
      <subfield code="9">LOCAL</subfield>
      <subfield code="e">HBZ</subfield>
      <subfield code="M">49HBZ_FHA</subfield>
    </datafield>
    <datafield tag="981" ind1=" " ind2=" ">
      <subfield code="9">LOCAL</subfield>
      <subfield code="a">(DE-A96)636100</subfield>
      <subfield code="M">49HBZ_FHA</subfield>
    </datafield>
    <datafield tag="997" ind1=" " ind2=" ">
      <subfield code="9">LOCAL</subfield>
      <subfield code="a">20160726</subfield>
      <subfield code="M">49HBZ_FHA</subfield>
    </datafield>
    <datafield tag="MBD" ind1=" " ind2=" ">
      <subfield code="M">49HBZ_UDE</subfield>
      <subfield code="i">990184919090206446</subfield>
      <subfield code="n">Universitat Duisburg-Essen</subfield>
    </datafield>
    <datafield tag="500" ind1=" " ind2=" ">
      <subfield code="a">Gesehen am 13. November 2018. - Herausgeber Nr. 116.2014/2015: Evangelische Johanniskirchengemeinde Bonn-Duisdorf / Br&#252;ser Berg</subfield>
      <subfield code="9">F:501</subfield>
      <subfield code="M">49HBZ_UDE</subfield>
    </datafield>
    <datafield tag="776" ind1="0" ind2="8">
      <subfield code="i">Erscheint auch als</subfield>
      <subfield code="n">Druck-Ausgabe</subfield>
      <subfield code="t">Wir</subfield>
      <subfield code="d">Bonn, 2011-[2016]</subfield>
      <subfield code="w">(DE-605)HT017715725</subfield>
      <subfield code="9">F:776</subfield>
      <subfield code="M">49HBZ_UDE</subfield>
    </datafield>
    <datafield tag="MBD" ind1=" " ind2=" ">
      <subfield code="M">49HBZ_DUE</subfield>
      <subfield code="i">990037115710206443</subfield>
      <subfield code="n">Universit&#228;t D&#252;sseldorf</subfield>
    </datafield>
    <datafield tag="500" ind1=" " ind2=" ">
      <subfield code="a">Gesehen am 13. November 2018. - Herausgeber Nr. 116.2014/2015: Evangelische Johanniskirchengemeinde Bonn-Duisdorf / Br&#252;ser Berg</subfield>
      <subfield code="9">F:501</subfield>
      <subfield code="M">49HBZ_DUE</subfield>
    </datafield>
    <datafield tag="776" ind1="0" ind2="8">
      <subfield code="i">Erscheint auch als</subfield>
      <subfield code="n">Druck-Ausgabe</subfield>
      <subfield code="t">Wir</subfield>
      <subfield code="d">Bonn, 2011-[2016]</subfield>
      <subfield code="w">(DE-605)HT017715725</subfield>
      <subfield code="9">F:776</subfield>
      <subfield code="M">49HBZ_DUE</subfield>
    </datafield>
    <datafield tag="MNG" ind1=" " ind2=" ">
      <subfield code="f">ILS</subfield>
      <subfield code="i">marc21</subfield>
      <subfield code="k">01</subfield>
      <subfield code="e">false</subfield>
      <subfield code="g">021272840-HBZ01</subfield>
      <subfield code="j">90</subfield>
      <subfield code="a">import</subfield>
      <subfield code="b">2020-07-16 11:11:52 Europe/Berlin</subfield>
    </datafield>
    <datafield tag="POR" ind1=" " ind2=" ">
      <subfield code="x">System</subfield>
      <subfield code="a">5333468810006444</subfield>
      <subfield code="M">49HBZ_FHA</subfield>
      <subfield code="c">static</subfield>
      <subfield code="l">kostenfrei</subfield>
      <subfield code="y">2020-07-23 14:31:16 Europe/Berlin</subfield>
      <subfield code="w">2020-07-23 14:31:08 Europe/Berlin</subfield>
      <subfield code="D">https://eu04.alma.exlibrisgroup.com/view/uresolver/49HBZ_NETWORK/openurl?u.ignore_date_coverage=true&amp;portfolio_pid=5333468810006444&amp;Force_direct=true</subfield>
      <subfield code="v">P2E_JOB</subfield>
      <subfield code="z">2020-07-23 12:31:08</subfield>
      <subfield code="i">false</subfield>
      <subfield code="S">5233468820006444</subfield>
      <subfield code="d">e?u.ignore_date_coverage=true&amp;rft.mms_id=991001327599706444</subfield>
      <subfield code="b">Available</subfield>
      <subfield code="f">BOOK</subfield>
      <subfield code="8">5333468810006444</subfield>
    </datafield>
    <datafield tag="POR" ind1=" " ind2=" ">
      <subfield code="x">System</subfield>
      <subfield code="a">5333468790006444</subfield>
      <subfield code="M">49HBZ_FHA</subfield>
      <subfield code="c">static</subfield>
      <subfield code="l">kostenfrei</subfield>
      <subfield code="y">2020-07-23 14:31:16 Europe/Berlin</subfield>
      <subfield code="w">2020-07-23 14:31:08 Europe/Berlin</subfield>
      <subfield code="D">https://eu04.alma.exlibrisgroup.com/view/uresolver/49HBZ_NETWORK/openurl?u.ignore_date_coverage=true&amp;portfolio_pid=5333468790006444&amp;Force_direct=true</subfield>
      <subfield code="v">P2E_JOB</subfield>
      <subfield code="z">2020-07-23 12:31:08</subfield>
      <subfield code="i">false</subfield>
      <subfield code="S">5233468800006444</subfield>
      <subfield code="d">e?u.ignore_date_coverage=true&amp;rft.mms_id=991001327599706444</subfield>
      <subfield code="b">Available</subfield>
      <subfield code="f">BOOK</subfield>
      <subfield code="8">5333468790006444</subfield>
    </datafield>
    <datafield tag="POR" ind1=" " ind2=" ">
      <subfield code="x">System</subfield>
      <subfield code="a">5399099770006443</subfield>
      <subfield code="M">49HBZ_DUE</subfield>
      <subfield code="c">static</subfield>
      <subfield code="l">kostenfrei</subfield>
      <subfield code="y">2020-07-06 17:33:57 Europe/Berlin</subfield>
      <subfield code="w">2020-07-06 17:33:54 Europe/Berlin</subfield>
      <subfield code="D">https://eu04.alma.exlibrisgroup.com/view/uresolver/49HBZ_NETWORK/openurl?u.ignore_date_coverage=true&amp;portfolio_pid=5399099770006443&amp;Force_direct=true</subfield>
      <subfield code="v">P2E_JOB</subfield>
      <subfield code="z">2020-07-06 15:33:54</subfield>
      <subfield code="i">false</subfield>
      <subfield code="S">5299099780006443</subfield>
      <subfield code="d">e?u.ignore_date_coverage=true&amp;rft.mms_id=990037115710206443</subfield>
      <subfield code="b">Available</subfield>
      <subfield code="f">DOCUMENT</subfield>
      <subfield code="8">5399099770006443</subfield>
    </datafield>
    <datafield tag="POR" ind1=" " ind2=" ">
      <subfield code="x">System</subfield>
      <subfield code="a">5399099750006443</subfield>
      <subfield code="M">49HBZ_DUE</subfield>
      <subfield code="c">static</subfield>
      <subfield code="l">kostenfrei</subfield>
      <subfield code="y">2020-07-06 17:33:57 Europe/Berlin</subfield>
      <subfield code="w">2020-07-06 17:33:54 Europe/Berlin</subfield>
      <subfield code="D">https://eu04.alma.exlibrisgroup.com/view/uresolver/49HBZ_NETWORK/openurl?u.ignore_date_coverage=true&amp;portfolio_pid=5399099750006443&amp;Force_direct=true</subfield>
      <subfield code="v">P2E_JOB</subfield>
      <subfield code="z">2020-07-06 15:33:54</subfield>
      <subfield code="i">false</subfield>
      <subfield code="S">5299099760006443</subfield>
      <subfield code="d">e?u.ignore_date_coverage=true&amp;rft.mms_id=990037115710206443</subfield>
      <subfield code="b">Available</subfield>
      <subfield code="f">DOCUMENT</subfield>
      <subfield code="8">5399099750006443</subfield>
    </datafield>
  </record>